@article{smith2020,
    author = {Smith, John and Johnson, Mary},
    title = {A Study on Quantitative Research Methods},
    journal = {Journal of Research Methods},
    volume = {15},
    number = {3},
    pages = {123-145},
    year = {2020},
    doi = {10.1234/jrm.2020.12345}
}

@book{jones2019,
    author = {Jones, Robert and Brown, Sarah},
    title = {Advanced Research Methodology},
    publisher = {Academic Press},
    year = {2019},
    address = {New York}
}

@inproceedings{lee2021,
    author = {Lee, David and Wilson, Emily},
    title = {Recent Advances in Quantitative Analysis},
    booktitle = {Proceedings of the International Conference on Research Methods},
    pages = {45-60},
    year = {2021},
    organization = {ICRM}
}

@thesis{anderson2018,
    author = {Anderson, Michael},
    title = {A Comprehensive Study of Research Methodologies},
    type = {PhD Thesis},
    institution = {University of Example},
    year = {2018}
}

@online{research2022,
    author = {Research Institute},
    title = {Guidelines for Quantitative Research},
    year = {2022},
    url = {https://example.com/guidelines},
    urldate = {2023-01-15}
}

@report{university2021,
    author = {{University Research Center}},
    title = {Annual Research Report},
    institution = {Example University},
    year = {2021},
    type = {Technical Report}
}
